% This file was created with JabRef 2.6.
% Encoding: UTF-8

@ELECTRONIC{alarm,
  author = {ALARM},
  year = {2010},
  title = {Adaptive Lösungsplattform zur Aktiven technischen Unterstützung beim
	Retten von Menschenleben},
  note = {\url{http://www.alarm-projekt.de/}},
  url = {\url{http://www.alarm-projekt.de/}},
  owner = {marcel},
  timestamp = {2010.11.17}
}

@TECHREPORT{zigbee_specification,
  author = {ZigBee Alliance},
  title = {Latest ZigBee specification including the pro feature set},
  institution = {ZigBee Alliance},
  year = {2007},
  note = {\url{http://www.zigbee.org/Products/Overview.aspx}},
  owner = {marcel},
  timestamp = {2010.11.18}
}

@ELECTRONIC{BCM4326_Datasheet,
  author = {BROADCOM},
  year = {2006},
  title = {BCM4326 Datasheet},
  note = {\url{http://www.datasheetpro.com/595911\_download\_BCM4326\_datasheet.html}},
  owner = {marcel},
  timestamp = {2010.11.27}
}

@BOOK{Eliens_Foo,
  title = {Principles of object-oriented software development},
  publisher = {Addison-Wesley},
  year = {2000},
  author = {Eliens, Anton},
  series = {International computer science series},
  address = {Harlow},
  edition = {2},
  isbn = {0-201-39856-70201-39856-7},
  keywords = { ; Object-oriented programming (Computer science) / Computer software},
  size = {XXIII, 502 S. : Ill.., graph. Darst. ; 1 CD-ROM}
}

@ARTICLE{aid-n,
  author = {Tia Gao and Tammara Massey and Leo Selavo and David Crawford and
	Bor-rong Chen and Konrad Lorincz and Victor Shnayder and
	
	Logan Hauenstein and Foad Dabiri and James Jeng and Arjun Chanmugam
	and David White and Majid Sarrafzadeh and Matt Welsh},
  title = {The Advanced Health and Disaster Aid Network: A Light-Weight Wireless
	Medical System for Triage},
  journal = {IEEE Transactions on Biomedical Circuits and Systems},
  year = {2007},
  volume = {1(3)},
  pages = {203-216},
  owner = {marcel},
  timestamp = {2010.11.17}
}

@BOOK{ZigBeeGislason,
  title = {ZigBee Wireless Networking},
  publisher = {Elsevier},
  year = {2008},
  author = {Drew Gislason},
  address = {Amsterdam},
  bestand = {Sächsische Landesbibliothek - Staats- und Universitätsbibliothek <14>;
	Karlsruher Institut für Technologie (KIT) - KIT-Bibliothek Süd <90>
	[Signatur: 2009 A 1611]; Hochschule Mannheim, Hochschulbibliothek
	<953> [Signatur: E III 1557]; Duale Hochschule Baden-Württemberg
	Mannheim <Mh 35> [Signatur: INF T 8000.10]; Hochschule Ulm, Hochschule
	für Technik <943> [Signatur: 62-2 Gis]; Duale Hochschule Baden-Württemberg
	Mosbach <941> [Signatur: ELE 1068]; },
  isbn = {0-7506-8597-2 ; 978-0-7506-8597-9},
  keywords = { ; Wireless LANs},
  size = {XVI, 425 S. : Ill. ; 24 cm}
}

@TECHREPORT{ieee_zigbee,
  author = {IEEE 802.15.4, WPAN Task Group 4 (TG4)},
  title = {IEEE SA - 802.15.4-2006 - IEEE Standard for Local and Metropolitan
	Area Networks},
  institution = {Institute of Electrical and Electronics Engineers},
  year = {2006},
  owner = {marcel},
  timestamp = {2010.11.18}
}

@BOOK{Marc,
  title = {Mobiler Handlungsassistent zur laientauglichen Überprüfung und Beurteilung
	von Vitalparametern plötzlich bewussloser Personen},
  publisher = {mbv},
  year = {2008},
  author = {Jäger, Marc},
  address = {Berlin},
  bestand = {Karlsruher Institut für Technologie (KIT) - KIT-Bibliothek Süd <90>
	[Signatur: 2008 A 3661]; },
  isbn = {978-3-86664-411-3},
  keywords = {Bewusstlosigkeit / Vitalfunktion / Nichtinvasive Diagnostik / Messwertverarbeitung
	/ Erste Hilfe / Geräteentwicklung},
  size = {206 S. : Ill., graph. Darst.}
}

@ELECTRONIC{Corscience,
  author = {Corscience GmbH \& Co. KG},
  year = {2010},
  title = {Corscience Homepage},
  note = {\url{http://www.corscience.de/de/medizintechnik/produkte-systeme/telemedizin/sensoren/event-recorder.html}
	Abegerufen am 1.10.2010},
  url = {http://www.corscience.de},
  owner = {marcel},
  timestamp = {2010.11.27}
}

@TECHREPORT{WPANComparison,
  author = {John Kooker},
  title = {Bluetooth, ZigBee, and Wibree: A Comparison of WPAN Technologies},
  institution = {Univerity of Californica, San Diego},
  year = {2008},
  note = {\url{http://cseweb.ucsd.edu/classes/fa08/cse237a/topicresearch/jkooker_tr_report.pdf}}
}

@BOOK{WirelessNetworking,
  title = {Wireless networking},
  publisher = {Morgan Kaufmann / Elsevier},
  year = {2008},
  author = {Anurag Kumar and D. Manjunath, D. and Joy Kuri},
  series = {The Morgan Kaufmann series in networking},
  address = {Amsterdam},
  bestand = {Sächsische Landesbibliothek - Staats- und Universitätsbibliothek <14>;
	Karlsruher Institut für Technologie (KIT) - KIT-Bibliothek Süd <90>
	[Signatur: 2008 A 2570]; Universitätsbibliothek Stuttgart <93> [Signatur:
	5E 2852];},
  isbn = {978-0-12-374254-4 ; 0-12-374254-4},
  keywords = { ; Wireless LANs / Wireless communication systems / Sensor networks},
  size = {XVII, 427 S. : graph. Darst. ; 24cm}
}

@INPROCEEDINGS{MANET,
  author = {C. Kunze and D. Rodriguez and L. Shammas and A. Chandra-Sekaran and
	B. Weber},
  title = {Nutzung von Sensornetzwerken und mobilen Informationsgeräten für
	die Situationserfassung und die Prozessunterstützung bei Massenanfällen
	von Verletzten},
  institution = {Embedded Systems \& Sensors Engineering (ESS), FZI Forschungszentrum
	Informatik Karlsruhe and Institut für Anlagen, 
	
	Energie- und Maschinensysteme, Studiengang Rettungsingenieurwesen
	Fachhochschule Köln},
  year = {2009},
  note = {\url{http://subs.emis.de/LNI/Proceedings/Proceedings154/gi-proc-154-104.pdf}},
  booktitle ={Proceedings der 39. Jahrestagung der Gesellschaft für Informatik (INFORMATIK 2009), Lecture Notes in Informatics, GI}
}

@CONFERENCE{BluetoothPower,
  author = {Luca Negri and Jan Beutel and Matthias Dyer},
  title = {The Power consumption of Bluetooth Scatternets},
  booktitle = {Consumer Communications and Networking Conference},
  year = {2006},
  pages = {519-523},
  organization = {Computer Engineering and Network Lab, ETH Zuerich},
  publisher = {IEEE}
}

@ELECTRONIC{sogro,
  author = {SOGRO},
  month = {10},
  year = {2010},
  title = {SOGRO Projektwebseite},
  url = {http://www.sogro.de/},
  note = {\url{http://www.sogro.de/}},
  owner = {marcel},
  timestamp = {2010.11.17}
}

@BOOK{Jan,
  title = {Entwicklung und Implementierung einer graphischen Benutzeroberfläche
	zur Überwachung von Patienten in einem Senesornetz in einem MANV-Szenario
	(Arbeitstitel)},
  publisher = {Karlsruher Institut für Technologie (KIT)},
  year = {2010},
  author = {Jan Tepelmann},
  address = {Karlsruhe},
  note = {Studienarbeit}
}

@BOOK{Java_Insel,
  title = {Java ist auch eine Insel : Programmieren mit der Java Plattform, Standard
	Edition 6},
  publisher = {Galileo Press},
  year = {2009},
  author = {Ullenboom, Christian},
  series = {Galileo Computing},
  address = {Bonn},
  edition = {8},
  bestand = {Universitätsbibliothek Tübingen <21> [Signatur: inf P 7505 Auflage
	8]; Hochschule für Technik und Wirtschaft des Saarlandes, <Sa 16/1>
	[Signatur: 7.4.8. Ull 8. Aufl. mit DVD]; Hochschule für Technik und
	Wirtschaft des Saarlandes <Sa 16> [Signatur: 53.3 Ull 8. Aufl.];
	Universität des Saarlandes, FR 6.2 Informatik, Campusbibliothek <291/407>
	[Signatur: P JAV 2009:1 1.Ex]; Sächsische Landesbibliothek - Staats-
	und Universitätsbibliothek <14>; Württembergische Landesbibliothek
	<24> [Signatur: 60/11089]; Universitätsbibliothek Leipzig <15>; Universitätsbibliothek
	Heidelberg <16> [Signatur: LA-U10-20332]; Universität Heidelberg,
	Physikalisches Institut <16/121> [Signatur: PY-EP DV]; Karlsruher
	Institut für Technologie (KIT) - KIT-Bibliothek Süd <90> [Signatur:
	2002 A 4968(8)]; Karlsruher Institut für Technologie (KIT), KIT-Bibliothek
	Nord <Ka 85> [Signatur: DV Ull 3]; Universitätsbibliothek Stuttgart
	<93> [Signatur: 5H 1962(8)]; Universität Stuttgart, Informatik-Bibliothek
	<93/165> [Signatur: Ulle-24684]; Badische Landesbibliothek <31> [Signatur:
	109 A 52057]; Universitätsbibliothek Chemnitz <Ch 1>; Hochschulbibliothek
	Reutlingen <Rt 2> [Signatur: I 3-390-397/8]; Hochschule für Technik
	und Wirtschaft <520> [Signatur: ST 250 J35-10 2426]; Hochschule Mannheim,
	Hochschulbibliothek <953> [Signatur: E IV 14757]; Hochschule der
	Medien Stuttgart, Standort Nobelstraße <958> [Signatur: Wcn 52];
	Institut für Deutsche Sprache (IDS), Bibliothek <Mh 39>; Institut
	für Deutsche Sprache (IDS), Bibliothek <Mh 39> [Signatur: ME 1660];
	Hochschule für Technik Stuttgart <1033> [Signatur: IP 639]; Hochschule
	Esslingen, Standort Göppingen <972> [Signatur: Nh Ull]; Hochschule
	Esslingen <753> [Signatur: Nh Ull]; Hochschule Ulm, Hochschule für
	Technik <943> [Signatur: 417 Ull]; Berufsakademie Sachsen, Staatliche
	Studienakademie Bautzen <Bn 3>; Medizinische Fakultät Mannheim der
	Universität Heidelberg <16/300> [Signatur: X 1d];},
  isbn = {978-3-8362-1371-4},
  keywords = {Java Standard Edition 6},
  size = {1475 S. : Ill., graph. Darst. ; 240 mm x 190 mm},
  url = {http://www.gbv.de/dms/ilmenau/toc/589717456.PDF}
}

@BOOK{ZigBeeFarahani,
  title = {ZigBee wireless networks and transceiver},
  publisher = {Elsevier Newnes},
  year = {2008},
  author = {Shahin Farahani},
  address = {Amsterdam[u.a.]},
  bestand = {Hochschule für Technik und Wirtschaft des Saarlandes <Sa 16> [Signatur:
	55.3 Far]; Karlsruher Institut für Technologie (KIT) - KIT-Bibliothek
	Süd <90> [Signatur: 2009 A 1612]; Rechenzentrum der Universität Stuttgart
	<93/178> [Signatur: RUS]; Hochschulbibliothek Pforzheim, <951> [Signatur:
	nach 5.5 2008 2954]; },
  isbn = {978-0-7506-8393-7},
  size = {XXIV, 339 S. : graph. Darst.}
}
